%-----
% Referencias - exemplos - por Danny Tonidandel - 2019
%-----
%livro
@Book{gombrich,
	Title                    = {Meditações sobre um cavalinho de pau},
	Author                   = {Enrst Hans Gombrich},
	Publisher                = {Edusp},
	Year                     = {1999},
	Address                  = {São Paulo},
	Note                     = {Tad. de Geraldo Gerson de Souza},
	ISBN                     = {85-314-0485-1}
}

%artigo
@article{thomson_1869, 
	title={On Vortex Atoms}, 
	volume={6}, 
	DOI={10.1017/S0370164600045430}, 
	journal={Proceedings of the Royal Society of Edinburgh}, 
	publisher={Royal Society of Edinburgh Scotland Foundation}, 
	author={Thomson, William}, 
	year={1869}, 
	pages={94–105}
}


@article{descartes-dioptrica,
	Title                    = {A Dióptrica},
	subtitle = {discursos I, II, III, IV e VIII},
	Author                   = {Ren{\'e} Descartes},
	address				 	 = {S\~ao Paulo},
	Year                     = {2010},
	volume                   = {8},
	month = {09},
	Pages                    = {451-486},
	Journal                  = {Scientiae Studia},
	Url                      = {http://ref.scielo.org/tkb6x5},
	number 					 = {3}
}

% Livro em colecao	
@incollection{descartes-metodo,
	address={S\~ao Paulo},
	author={Ren{\'e} Descartes},
	booktitle={Os pensadores},
	editor={Jacob Guinsburg AND Bento Prado Jr.},
	edition = {3},
	editortype={Trad.},
	publisher={Nova Cultural},
	title={Discurso do M{\'e}todo},
	year={1983}
}

% Livro multivolumes
@mvbook{boyle1772,
	author = {Robert Boyle},
	editor = {Thomas Birch},
	year = {1772},
	volumes = {6},
	title = {The works of the Honourable Robert Boyle},
	url = {http://bit.ly/boyle-works},
	publisher = {J. and F. Rivington},
	pagetotal= {1062},
	address = {London}
}

%multivolume - referencia cruzada
@mvbook{boyle1772-a,
	author = {Robert-boyle},
	volume = {1},
	title = {A consideration of what happens in trying the Torricellian and ohter experiments},
	crossref={boyle1772}
}

% anais
@inproceedings{Becker:1975:PL:980190.980212,
	author = {Becker, Joseph D.},
	title = {The Phrasal Lexicon},
	booktitle = {Proceedings of the 1975 Workshop on Theoretical Issues in Natural Language Processing},
	series = {TINLAP '75},
	year = {1975},
	location = {Cambridge, Massachusetts},
	pages = {60--63},
	numpages = {4},
	url = {http://bit.ly/2YN0ZpI},
	doi = {10.3115/980190.980212},
	acmid = {980212},
	publisher = {Association for Computational Linguistics},
	address = {Stroudsburg, PA, USA},
} 

% Conteudo dentro de livro com autor e titulo independente
@InBook{herao,
	Title                    = {Pneumatica},
	Author                   = {Herão},
	Editor                   = {Greenwood, Joseph George},
	Publisher                = {Taylor, Walton and Maberly},
	pages 					 = {117},
	Year                     = {1851},
	Address                  = {London},
	Booktitle                = {The pneumatics of Hero of Alexandria, from the original Greek},
	Url                      = {http://bit.ly/herao},
	editortype 				 = {Trad.}
}

% conferencia
@CONFERENCE{tonidandel2010,
	author = {Tonidandel, Danny Augusto Vieira},
	title = {Decifrando a transformada Z},
	booktitle = {CBA 2010 - XVIII Congresso Brasileiro de Autom{\'a}tica},
	year = {2010},
	month = {9},
	days = {12-17},
	keywords = {Control Education},
	url = {http://bit.ly/2LJgKMv}
}

% mais um artigo
@article{sparshott1954,
	volume = {63},
	author={F. E. Sparshott},
	number = {4},
	journal={The Philosophical Review},
	publisher = {Duke University Press on behalf of Philosophical Review},
	pages = {606-608},
	month={8},
	title={Principium Sapientiae by F. M. Cornford},
	url={http://bit.ly/2YNa9CH},
	year={1954}
}

%livro com notas
@Book{luciano-de-samosata,
	Author = {Luciano de Samosata},
	year={1829},
	address={Boston},
	nameaddon = {Luciani Samosatensis},
	Publisher={The Harvard University},
	title={Opera},
	volume = {3},
	note = {Texto em grego, com introdução e notas em Latim},
	url = {http://bit.ly/samosata},
	urlaccessdate = {2019-07-17}
}

%tese
@thesis{freitas2018,
	author = {Leandro C{\'e}sar Albuquerque de Freitas},
	title = {Análise e tradução do Livro I do De rerum natura de Tito Lucr{\'e}cio Caro},
	type = {Doutorado em Letras Clássicas},
	adress = {São Paulo},
	year = {2018},
	school = {Faculdade de Filosofia, Letras e Ciências Humanas, Universidade de São Paulo},
	pagename = {f.},
	urlaccessdate = {2015-01-10},
	url = {https://bit.ly/2DY9hUD}
	}


% Tipo indefinido
@Misc{Einstein1920,
  Title                    = {Aether und Relativitaetstheorie},
  Author                   = {Albert Einstein},
  Note                     = {Transcrição de uma palestra proferida na Universidade Leyden, Holanda.},
  Year                     = {1920},
  Address                  = {Jerusalém},
  Publisher                = {The Albert Einstein Archives},
  Url                      = {http://alberteinstein.info/vufind1/Record/EAR000045690}
}

@Book{kant1876,
	Title                    = {Metaphysical foundations of natural science (1876)},
	Author                   = {Immanuel Kant},
	note 					 = {Tradução do alemão, introdução e notas por Jonathan Bennett},
	publisher				 = {Early modern texts},
	url						 = {http://bit.ly/2KjFlp1},
	Year                     = {2017}
}

% outro artigo
@Article{Craik2010,
	author="Craik, Alex D. D.",
	title="Thomas Young on fluid mechanics",
	journal="Journal of Engineering Mathematics",
	year="2010",
	month="6",
	day="01",
	volume="67",
	number="1",
	pages="95--113",
	abstract="Thomas Young was a prolific scholar who made many contributions to science, medicine and the humanities. Here, his writings on fluid mechanics are reviewed. The best known of these are on tides and on surface tension; but he did much else besides. These include his wide-ranging lectures to the Royal Institution, his rather eccentric reworking of Book 1 of Laplace's M{\'e}canique c{\'e}leste, and papers on pneumatics and hydraulics. Among the latter are perhaps the first observation of transition to turbulence in jets of air; an empirical formula for the resistance of hydraulic flow in pipes, suggested by his own experiments with thin tubes; and probably the first, but incomplete, attempt at a theory of the hydraulic jump or bore. All of this work is characterised by sound physical insight but mathematical limitations.",
	url="http://bit.ly/33kgol1"
}

% referencia online
@online{hofstader2009,
	title = {Analogy as the core of cognition},
	year = {2009},
	month={9},
	day = {11},
	organization = {Stanford University},
	author = {Douglas Hofstader},
	note = {Presidential Lecture at Stanford University Humanities Center when the author exmamines the role and contributions of analogy in cognition, using a variety of analogies to illustrate his points.},
	url = {http://bit.ly/hofstader},
	urlaccessdate = {201-08-17}
}

% preprint
@misc{tembrevilla2019electric,
	title={Electric fluid to electric current: The problematic attempts of abstraction to concretization},
	author={Gerald Tembrevilla and Stephen Petrina},
	year={2019},
	eprint={1910.02762},
	archivePrefix={arXiv},
	primaryClass={physics.ed-ph}
}